<record><leader>00000cas a22000007a 4500</leader><controlfield tag="001">11475121</controlfield><controlfield tag="008">841210d18221825mdudr ne      0    0eng d</controlfield><datafield ind1=" " ind2=" " tag="010"><subfield code="a">sn 84038747 </subfield></datafield><datafield ind1=" " ind2=" " tag="040"><subfield code="a">NPX</subfield><subfield code="b">eng</subfield><subfield code="c">NPX</subfield><subfield code="d">MFN</subfield><subfield code="d">OCL</subfield><subfield code="d">OCLCQ</subfield></datafield><datafield ind1=" " ind2=" " tag="019"><subfield code="a">9115080</subfield></datafield><datafield ind1=" " ind2=" " tag="042"><subfield code="a">msc</subfield></datafield><datafield ind1="0" ind2=" " tag="130"><subfield code="a">Morning chronicle &amp; daily advertiser (Baltimore, Md. : Daily)</subfield></datafield><datafield ind1="1" ind2="0" tag="245"><subfield code="a">Morning chronicle &amp; daily advertiser.</subfield></datafield><datafield ind1="3" ind2="0" tag="246"><subfield code="a">Morning chronicle and daily advertiser</subfield></datafield><datafield ind1=" " ind2=" " tag="260"><subfield code="a">Baltimore [Md.] :</subfield><subfield code="b">Thomas Maund</subfield></datafield><datafield ind1=" " ind2=" " tag="300"><subfield code="a">v.</subfield></datafield><datafield ind1=" " ind2=" " tag="310"><subfield code="a">Daily</subfield></datafield><datafield ind1="0" ind2=" " tag="362"><subfield code="a">Vol. 7, no. 936 (Apr. 8, 1822)-</subfield></datafield><datafield ind1="1" ind2=" " tag="362"><subfield code="a">Ceased in June 1825?</subfield></datafield><datafield ind1=" " ind2=" " tag="752"><subfield code="a">United States</subfield><subfield code="b">Maryland</subfield><subfield code="d">Baltimore.</subfield></datafield><datafield ind1="0" ind2=" " tag="775"><subfield code="t">Morning chronicle and daily advertiser (Baltimore, Md. : Triweekly)</subfield><subfield code="w">(DLC)sn 83009604</subfield></datafield><datafield ind1="0" ind2="0" tag="780"><subfield code="t">Morning chronicle &amp; Baltimore advertiser (Baltimore, Md. : Daily)</subfield><subfield code="w">(DLC)sn 83009570</subfield></datafield><datafield ind1="0" ind2="0" tag="785"><subfield code="t">Commercial chronicle and Baltimore advertiser (Baltimore, Md. : Daily)</subfield><subfield code="w">(DLC)sn 83009579</subfield></datafield><datafield ind1="1" ind2=" " tag="029"><subfield code="a">AU@</subfield><subfield code="b">000025823351</subfield></datafield></record>